
@article{GT1,
    author = {Diestel, R.},
    title = {Graph Theory},
    journal = {Springer},
    year = {2017},
}

@article{GT2,
    author = {Bondy, J. A., & Murty, U. S. R.},
    title = {Graph Theory},
    journal = {Graduate Texts in Mathematics},
    year = {2008},
}

@article{DMTCS,
    title = {Quantitative and Algorithmic aspects of Barrier Synchronization in Concurrency},
    author = {O. Bodini and M. Dien and A. Genitrini and F. Peschanski},
    url = {https://dmtcs.episciences.org/7120},
    journal = {{Discrete Mathematics \& Theoretical Computer Science}},
    volume = {22},
    number = {3},
    year = {2021}
}

@article{DM2S,
    title = {Décomposiion modulaire de 2-structures},
    author = {Eleni Pistiloglou},
    year = {2021},
}

@article{SAMD,
    title = {A survey of the algorithmic aspects of modular decomposition},
    publisher = {Computer Science Review 4},
    author = {Michel Habib, Christophe Paul},
    year = {2010},
    url = {https://arxiv.org/pdf/0912.1457},
}

@article{AADM,
    title = {Aspects Algorithmiques de la décomposition modulaire},
    author = {Christophe Paul},
    year = {2006}
}


@article{CTCOS,
    title = {COMPUTATIONALLY TRACTABLE CLASSES OF ORDERED SETS},
    author = {ROLF H. MOHRING},
    year = {1987}
}

@article{ASSC,
    author = {Mohring, R. H.},
    title = {Algorithmic Aspects of the Submodule Construction},
    year = {1985},
}

@article{PTDMD,
    title = {An $O(n^2)$ Divide-and-Conquer Algorithm for the Prime Tree Decomposition of Two-Structure and Modular Decomposition of Graphs},
    author = {Andrzej Ehrenfeucht and Harold N. Gabow and Ross M. MacConnell and Stephen J. Sullivan},
    journal = {Journal of algorithms 16, 2 (1994), 283-294},
    year = {1994},
    url = {https://doi.org/10.1006/jagm.1994.1013}
}

@article{MDPPIN,
    author = {Julien Gagneur, Roland Krause, Tewis Bouwmeester and Georg Casari},
    title = {Modular decomposition of protein-protein interaction networks},
    journal = {National Library of Medicine (National Center for Biotechnology)},
    year = {2004},
    url = {https://www.ncbi.nlm.nih.gov/pmc/articles/PMC507882/},
}

@article{NCCD,
    author = {Giulio Rossetti, Dino Pedreschi and Fosca Giannotti},
    title = {Node-centric Community Discovery: From static to dynamic social network analysis},
    journal = {Knowledge Discovery and Data mining Laboratory, ISTI-CNR, Pisa, Italy. Department of Computer Science, University of Pisa, Italy},
    year = {2017},
    url = {https://ricerca.sns.it/retrieve/b80a79c0-0fcc-4626-bef8-d4d4aa6d4415/Node-centric%20Community%20Discovery-%20From%20static%20to%20dynamic%20social%20network%20analysis.pdf},
}

@article{MANTP,
    author = {M. Adler, Y. Bartal, J.W. Byers, M. Luby and D. Raz},
    title = {A modular analysis of network transmission protocols},
    journal = {Proceedings of the Fifth Israeli Symposium on Theory of Computing and Systems},
    year = {1997},
    url = {https://ieeexplore.ieee.org/document/595157},
}

@manual{python,
    title        = {Python Documentation},
    author       = {Guido van Rossum and the Python Software Foundation},
    year         = 2020,
    url          = {https://docs.python.org/3/},
    note         = {The official Python programming language documentation}
}

@manual{rust,
    title        = {The Rust Programming Language},
    author       = {Steve Klabnik and Carol Nichols},
    year         = 2018,
    month        = {July},
    url          = {https://doc.rust-lang.org/book/},
    note         = {The official Rust programming language book}
}

@manual{cpp,
    title        = {The C++ Programming Language},
    author       = {Bjarne Stroustrup},
    year         = 2013,
    edition      = {Fourth},
    publisher    = {Addison-Wesley},
    isbn         = {978-0321563842},
    note         = {The authoritative reference on C++ by its creator}
}

@manual{replit,
    title = {Replit Documentation},
    author = {Replit},
    url = {https://docs.replit.com/replit-workspace/introduction-to-workspace},
    note = {A Repl (derived from REPL-"read-eval-print loop")is an interactive programming environment where you can write and execute code in real-time.}
}

@manual{pycharm,
    title        = {PyCharm},
    author       = {{JetBrains}},
    year         = 2024,
    url          = {https://www.jetbrains.com/pycharm/},
    note         = {Python IDE by JetBrains}
}

@manual{clion,
    title        = {CLion},
    author       = {{JetBrains}},
    year         = 2024,
    url          = {https://www.jetbrains.com/clion/},
    note         = {C and C++ IDE by JetBrains}
}

@manual{rustrover,
    title        = {RustRover},
    author       = {{JetBrains}},
    year         = 2024,
    url          = {https://www.jetbrains.com/rustrover/},
    note         = {Rust IDE by JetBrains}
}

@manual{macbookprom2,
    title = {MacBook Pro (13-inch, M2, 2022) - Technical Specifications},
    author = {Apple},
    year = 2022,
    url = {https://support.apple.com/en-my/111869},
    note = {MacBook Pro by Apple}
}

@manual{applem2,
    title = {Apple M2},
    author = {Wikipedia},
    year = 2022,
    url = {https://support.apple.com/en-my/111869},
    note = {Apple M2 is a series of ARM-based systen on a chip}
}

@manual{pythoncode,
    title = {Python version code},
    author = {Prof. Frédéric Peschanshi, Prof. Antoine Genitrini},
    year = {2022},
    url = {https://github.com/adrienKoumgangT},
    note = {Python version code of moddecomp}
}

@manual{cppcode,
    title = {C++ version code},
    author = {Adrien Koumgang},
    year = {2022},
    url = {https://github.com/adrienKoumgangT},
    note = {C++ version code of moddecomp}
}

@manual{rustcode,
    title = {Rust version code},
    author = {Adrien Koumgang},
    year = {2022},
    url = {https://github.com/adrienKoumgangT},
    note = {Rust version code of moddecomp}
}

@article{mdwikipedia,
    author = {Wikipedia},
    title = {Modular decomposition},
    url = {https://en.wikipedia.org/wiki/Modular_decomposition}
}

@article{componentwikipedia,
    author = {Wikipedia},
    title = {Component (graph theory)},
    url = {https://en.wikipedia.org/wiki/Component_(graph_theory)},
}

@article{sccalgowikipedia,
    author = {Wikipedia},
    title = {Tarjan's strongly connected components algorithm},
    url = {https://en.wikipedia.org/wiki/Tarjan%27s_strongly_connected_components_algorithm}
}


@article{mdalgosagemath,
    author = {Cyril Bouvier, SageMath},
    title = {Modular Decomposition implementation in SageMath},
    url = {https://gite.lirmm.fr/bouvier/modular-decomposition/-/blob/master/corneil_habib_paul_tedder_algorithm.spyx?ref_type=heads}
}
