%! Author = adrienkoumgangtegantchouang
%! Date = 09/07/24

